<?xml version="1.0" encoding="UTF-8"?><collection xmlns="http://www.loc.gov/MARC21/slim"><record><leader>00566nam--2200193-i-4500</leader><controlfield tag="001">000012061</controlfield><controlfield tag="002">20161230</controlfield><controlfield tag="005">20161230201029</controlfield><controlfield tag="008">060222s1000------------r-----000-0-ger-d</controlfield><datafield ind1=" " ind2=" " tag="040"><subfield code="a">IFIN-HH</subfield></datafield><datafield ind1=" " ind2=" " tag="041"><subfield code="a">ger</subfield></datafield><datafield ind1=" " ind2=" " tag="080"><subfield code="a">541.13</subfield></datafield><datafield ind1="1" ind2=" " tag="100"><subfield code="a">Danneel, Heinrich</subfield></datafield><datafield ind1="1" ind2="0" tag="245"><subfield code="a">Elkctrochemie</subfield><subfield code="b">Ii: expermentelle elektrochemie messmethoden, leitfahigkeit, losungen zweite auflage</subfield><subfield code="c">Heinrich danneel</subfield></datafield><datafield ind1=" " ind2=" " tag="260"><subfield code="a">Berlin</subfield><subfield code="b">G.J.Goschen Sche Verlagshandiung</subfield><subfield code="c">1914</subfield></datafield><datafield ind1=" " ind2=" " tag="300"><subfield code="a">159P</subfield></datafield><datafield ind1=" " ind2=" " tag="490"><subfield code="a">Sammlung Goschen</subfield></datafield><datafield ind1=" " ind2=" " tag="852"><subfield code="a">44470</subfield><subfield code="c">H.H</subfield></datafield><datafield ind1=" " ind2=" " tag="CAT"><subfield code="a">Sys</subfield><subfield code="c">20130409</subfield><subfield code="h">104101</subfield></datafield></record></collection>